@article{enroth1966contrast,
  title={The contrast sensitivity of retinal ganglion cells of the cat},
  author={Enroth-Cugell, Christina and Robson, John G},
  journal={The Journal of physiology},
  volume={187},
  number={3},
  pages={517--552},
  year={1966},
  publisher={Wiley Online Library}
}
