@article{hecht1942energy,
  title={Energy, quanta, and vision},
  author={Hecht, Selig and Shlaer, Simon and Pirenne, Maurice Henri},
  journal={The Journal of general physiology},
  volume={25},
  number={6},
  pages={819--840},
  year={1942},
  publisher={Rockefeller University Press}
}