@article{mead1990neuromorphic,
  title={Neuromorphic electronic systems},
  author={Mead, Carver},
  journal={Proceedings of the IEEE},
  volume={78},
  number={10},
  pages={1629--1636},
  year={1990},
  publisher={IEEE}
}