@article{olshausen2005close,
  title={How close are we to understanding V1?},
  author={Olshausen, Bruno A and Field, David J},
  journal={Neural computation},
  volume={17},
  number={8},
  pages={1665--1699},
  year={2005},
  publisher={MIT Press}
}
