@article{amari1977dynamics,
  title={Dynamics of pattern formation in lateral-inhibition type neural fields},
  author={Amari, Shun-ichi},
  journal={Biological cybernetics},
  volume={27},
  number={2},
  pages={77--87},
  year={1977},
  publisher={Springer}
}
