@article{von1973self,
  title={Self-organization of orientation sensitive cells in the striate cortex},
  author={Von der Malsburg, Chr},
  journal={Kybernetik},
  volume={14},
  number={2},
  pages={85--100},
  year={1973},
  publisher={Springer}
}
