@article{cook2008reusable,
  title={The Reusable Symbol Problem A position paper for NeSyâ€™08},
  author={Cook, Matthew},
  year={2008},
  publisher={Citeseer}
}
