@inproceedings{hinton1983analyzing,
  title={Analyzing cooperative computation},
  author={Hinton, Geoffrey E},
  booktitle={Proceedings of the 5th Annual Congress of the Cognitive Science Society},
  year={1983}
}
